@book{EcmaScript,
  added-at = {2017-10-14T23:50:22.000+0200},
  author = {{ECMA International}},
  biburl = {https://www.bibsonomy.org/bibtex/2a9b23a5e720836b2505b7aac7fdc4638/gron},
  edition = {8},
  interhash = {b179dfe8f7ed6ef5ad2a2c4705d88de6},
  intrahash = {a9b23a5e720836b2505b7aac7fdc4638},
  keywords = {ECMA JavaScript Specification Standard},
  month = {June},
  timestamp = {2017-10-14T23:50:23.000+0200},
  title = {Standard ECMA-262 - ECMAScript Language Specification},
  url = {https://www.ecma-international.org/publications/files/ECMA-ST/Ecma-262.pdf},
  year = 2017
}

@inproceedings{wasmspeed,
 author = {Haas, Andreas and Rossberg, Andreas and Schuff, Derek L. and Titzer, Ben L. and Holman, Michael and Gohman, Dan and Wagner, Luke and Zakai, Alon and Bastien, JF},
 title = {Bringing the Web Up to Speed with WebAssembly},
 booktitle = {Proceedings of the 38th ACM SIGPLAN Conference on Programming Language Design and Implementation},
 series = {PLDI 2017},
 year = {2017},
 isbn = {978-1-4503-4988-8},
 location = {Barcelona, Spain},
 pages = {185--200},
 numpages = {16},
 url = {http://doi.acm.org/10.1145/3062341.3062363},
 doi = {10.1145/3062341.3062363},
 acmid = {3062363},
 publisher = {ACM},
 address = {New York, NY, USA},
 keywords = {assembly languages, just-in-time compilers, programming languages, type systems, virtual machines},
} 
